<?xml version="1.0" encoding="UTF-8"?><collection xmlns="http://www.loc.gov/MARC21/slim"><record><leader>00284nam--2200097-i-4500</leader><controlfield tag="001">000035047</controlfield><controlfield tag="002">20161230</controlfield><controlfield tag="005">20161230201040</controlfield><controlfield tag="008">060222s1000------------r-----000-0-eng-d</controlfield><datafield ind1=" " ind2=" " tag="245"><subfield code="a">Nouveau traite de chimie minerale. t.7/2: scandium, yttrium, elements des terres rares, actinium</subfield></datafield><datafield ind1=" " ind2=" " tag="852"><subfield code="a">11900</subfield></datafield></record></collection>